@ARTICLE{bitcoin,
AUTHOR="Satoshi Nakamoto",
TITLE="Bitcoin: A Peer-to-Peer Electronic Cash System",
JOURNAL="http://bitcoin.org/bitcoin.pdf",
YEAR=2009,
MONTH=May
}
@ARTICLE{peercoin,
AUTHOR="Sunny King, Scott Nadal",
TITLE="PPCoin: Peer-to-Peer Crypto-Currency with Proof-of-Stake",
JOURNAL="http://peercoin.net/bin/peercoin-paper.pdf",
YEAR=2012,
MONTH=August
}
@INPROCEEDINGS{smallcell, 
author={Bastug, Ejder and Guenego, Jean-Louis and Debbah, Merouane}, 
booktitle={Cloud Networking (CLOUDNET), 2012 IEEE 1st International Conference on}, 
title={Cloud storage for Small Cell Networks}, 
year={2012}, 
month={Nov}, 
pages={100-104}, 
keywords={Small Cell networks;cloud storage;content caching;distributed storage;open cloud protocol;private cloud}, 
doi={10.1109/CloudNet.2012.6483659},}